<record><leader>00000cas a22000007a 4500</leader><controlfield tag="001">10948006</controlfield><controlfield tag="008">840713d1955196unyumr ne      0    0eng d</controlfield><controlfield tag="009">148</controlfield><datafield ind1=" " ind2=" " tag="010"><subfield code="a">sn 84031473 </subfield></datafield><datafield ind1=" " ind2=" " tag="040"><subfield code="a">NYG</subfield><subfield code="b">eng</subfield><subfield code="c">NYG</subfield><subfield code="d">NYS</subfield><subfield code="d">OCLCQ</subfield></datafield><datafield ind1="1" ind2=" " tag="029"><subfield code="a">AU@</subfield><subfield code="b">000020635686</subfield></datafield><datafield ind1=" " ind2=" " tag="042"><subfield code="a">msc</subfield></datafield><datafield ind1="0" ind2="0" tag="245"><subfield code="a">Moriches Bay view.</subfield></datafield><datafield ind1=" " ind2=" " tag="260"><subfield code="a">Center Moriches, L.I., N.Y. :</subfield><subfield code="b">Moriches Bay View,</subfield><subfield code="c">1955-</subfield></datafield><datafield ind1=" " ind2=" " tag="300"><subfield code="a">v. :</subfield><subfield code="b">ill.</subfield></datafield><datafield ind1=" " ind2=" " tag="310"><subfield code="a">Monthly</subfield></datafield><datafield ind1="0" ind2=" " tag="362"><subfield code="a">Vol. 1, no. 1 (Aug. 1955)-</subfield></datafield><datafield ind1=" " ind2=" " tag="500"><subfield code="a">"The Bay area's picture magazine."</subfield></datafield><datafield ind1=" " ind2=" " tag="530"><subfield code="a">Also available on microfilm from Suffolk Co-op Library.</subfield></datafield><datafield ind1=" " ind2=" " tag="580"><subfield code="a">Issued with: Shirley view, Oct. 1959-July 1961.</subfield></datafield><datafield ind1=" " ind2="4" tag="651"><subfield code="a">Center Moriches (N.Y.)</subfield><subfield code="v">Newspapers.</subfield></datafield><datafield ind1=" " ind2="4" tag="651"><subfield code="a">Suffolk County (N.Y.)</subfield><subfield code="v">Newspapers.</subfield></datafield><datafield ind1=" " ind2=" " tag="752"><subfield code="a">United States</subfield><subfield code="b">New York</subfield><subfield code="c">Suffolk</subfield><subfield code="d">Center Moriches.</subfield></datafield><datafield ind1="1" ind2=" " tag="777"><subfield code="t">Shirley view</subfield><subfield code="w">(DLC)sn 95071023</subfield><subfield code="w">(OCoLC)31746187</subfield></datafield><datafield ind1="0" ind2="4" tag="785"><subfield code="t">Moriches Bay tide</subfield><subfield code="w">(DLC)sn 84031472</subfield></datafield></record>